<?xml version="1.0" encoding="UTF-8"?><collection xmlns="http://www.loc.gov/MARC21/slim"><record><leader>00599nam--2200193-i-4500</leader><controlfield tag="001">000030764</controlfield><controlfield tag="002">20161230</controlfield><controlfield tag="005">20161230201038</controlfield><controlfield tag="008">060222s1000------------r-----000-0-eng-d</controlfield><datafield ind1=" " ind2=" " tag="040"><subfield code="a">IFIN-HH</subfield></datafield><datafield ind1=" " ind2=" " tag="080"><subfield code="a">539.19</subfield></datafield><datafield ind1="1" ind2=" " tag="100"><subfield code="a">Mcdaniel. E.W/S.A.</subfield></datafield><datafield ind1="1" ind2="0" tag="245"><subfield code="a">Ion-molecule reactions</subfield><subfield code="c">E.w. mcdaniel, v. cermak, a. dalgarno, e.e. ferguson, l. freidman</subfield></datafield><datafield ind1=" " ind2=" " tag="260"><subfield code="a">New York</subfield><subfield code="b">Wiley-interscience</subfield><subfield code="c">1970</subfield></datafield><datafield ind1=" " ind2=" " tag="300"><subfield code="a">XIII + 374P</subfield></datafield><datafield ind1=" " ind2=" " tag="490"><subfield code="a">Wiley-interscience Series In Atomic Nd Molecular Collisional Processes</subfield></datafield><datafield ind1="1" ind2=" " tag="700"><subfield code="a">Friedman, L</subfield></datafield><datafield ind1=" " ind2=" " tag="852"><subfield code="a">32884</subfield><subfield code="c">539.19</subfield></datafield><datafield ind1=" " ind2=" " tag="CAT"><subfield code="a">Sys</subfield><subfield code="c">20120712</subfield><subfield code="h">161245</subfield></datafield></record></collection>